@article{shuosher,
author = {Ferracina, Luca and Spijker, Marc},
year = {2005},
month = {01},
pages = {201-219},
title = {An extension and analysis of the Shu-Osher representation of Runge-Kutta methods},
volume = {74},
journal = {Math. Comput.},
doi = {10.1090/S0025-5718-04-01664-3}
}